@article{annual-state-of-agile-report,
	author = {Digital.ai},
	title = {The 17th State of Agile Report},
	issue_date = {January 2024},
	url = {https://stateofagile.com/},
	addendum = {Last accesed: May 12th, 2024}
}

@article{agile-limitations,
author = {Turk, Dan and France, Robert and Rumpe, Bernhard},
issue_date = {September 2014}, 
pages = {4},
title = {Limitations of Agile Software Processes}
}

@online{agile-manifesto,
	author = {Beck, K. and Beedle, M. and van Bennekum, A. and Cockburn, A. and Cunningham, W. and Fowler, M. and Grenning, J. and Highsmith, J. and Hunt, A. and Jeffries, R. and Kern, J. and Marick, B. and Martin, R.C. and Mellor, S. and Schwaber, K. and Sutherland, J. and Thomas, D.},
	title = {Manifesto for Agile Software Development},
	issue_date = {2001},
	url = {https://agilemanifesto.org/},
	addendum = {Last accesed: May 10th, 2024}
}

@online{jira-website,
	title = {Welcome to Jira},
	url = {https://www.atlassian.com/software/jira/guides/getting-started/introduction#what-is-jira-software},
	addendum = {Last accesed: May 12th, 2024}
}

@online{monday-website,
	title = {Monday},
	url = {https://monday.com/},
	addendum = {Last accesed: May 12th, 2024}
}

@online{azure-website,
	title = {Azure DevOps},
	url = {https://azure.microsoft.com/en-us/products/devops/},
	addendum = {Last accesed: May 12th, 2024}
}

@online{monday-cons,
	title = {The Pros and Cons of Using Monday.com Software},
	url = {https://projectmanagers.net/the-pros-and-cons-of-using-monday-com-software/},
	addendum = {Last accesed: May 12th, 2024}
}

@online{jira-features,
	title = {Project management features for all teams},
	url = {https://www.atlassian.com/software/jira/features},
	addendum = {Last accesed: May 12th, 2024}
}

@online{azure-features,
	title = {Azure DevOps - Overview of services},
	url = {https://learn.microsoft.com/en-us/azure/devops/user-guide/services?view=azure-devops},
	addendum = {Last accesed: May 12th, 2024}
}

@online{6sense-jira,
	title = {Market Share of JIRA Software},
	url = {https://6sense.com/tech/development-tools/jira-software-market-share},
	addendum = {Last accesed: May 12th, 2024}
}

@online{6sense-azure,
	title = {Market Share of Microsoft Azure DevOps Server},
	url = {https://6sense.com/tech/development-tools/microsoft-azure-devops-server-market-share},
	addendum = {Last accesed: May 12th, 2024}
}

@online{6sense-monday,
	title = {Market Share of monday.com Software},
	url = {https://6sense.com/tech/productivity/mondaycom-market-share},
	addendum = {Last accesed: May 12th, 2024}
}

@online{javascript-ecosystem,
	title = {Developer Ecosystem - JavaScript},
	url = {https://www.jetbrains.com/lp/devecosystem-2023/javascript/},
	addendum = {Last accesed: May 15th, 2024}
}

@online{java-ecosystem,
	title = {Developer Ecosystem - Java},
	url = {https://www.jetbrains.com/lp/devecosystem-2023/java/},
	addendum = {Last accesed: May 15th, 2024}
}

@online{why-spring,
	title = {Why Spring?},
	url = {https://spring.io/why-spring},
	addendum = {Last accesed: May 19th, 2024}
}

@online{websocket-protocol,
	title = {The WebSocket Protocol},
	author = {Melnikov, Alexey and Fette, Ian},
	issue_date = {December 2011},
	url = {https://www.rfc-editor.org/info/rfc6455},
	addendum = {Last accesed: May 23rd, 2024}
}

@book{emerging_trends_for_effective_software,
	author = {Kamalakannan, J. and Chakrabortty, A. and Basak, D. and Dhinesh Babu, L.D.},
	title = {Emerging Trends for Effective Software Project Management Practices},
	issue_date = {October 2018},
	publisher = {Springer, Singapore}
}

@book{the_road_to_react,
	author = {Wieruch, Robert},
	title = {The Road to React},
	issue_date = {February 2023},
	publisher = {Leanpub}	
}

@book{building_microservices,
	author = {Newman, Sam},
	title = {Building Microservices -- Designing Fine-Grained Systems},
	issue_date = {March 2015},
	publisher = {O'Reilly Media}
}